<?xml version="1.0" encoding="UTF-8"?><collection xmlns="http://www.loc.gov/MARC21/slim"><record><leader>00436nam--2200169-i-4500</leader><controlfield tag="001">000033587</controlfield><controlfield tag="002">20161230</controlfield><controlfield tag="005">20161230201039</controlfield><controlfield tag="008">060222s1000------------r-----000-0-eng-d</controlfield><datafield ind1=" " ind2=" " tag="040"><subfield code="a">IFIN-HH</subfield></datafield><datafield ind1=" " ind2=" " tag="080"><subfield code="a">532.5</subfield></datafield><datafield ind1="1" ind2=" " tag="100"><subfield code="a">Milne-thompson, L.M</subfield></datafield><datafield ind1="1" ind2="0" tag="245"><subfield code="a">Theoretical hydrodynamics</subfield><subfield code="c">L.m. milne-thompson</subfield></datafield><datafield ind1=" " ind2=" " tag="260"><subfield code="a">London, Macmillan &amp; Co,Ltd.,1968</subfield></datafield><datafield ind1=" " ind2=" " tag="300"><subfield code="a">XXII + 743P</subfield></datafield><datafield ind1=" " ind2=" " tag="852"><subfield code="a">77697</subfield><subfield code="c">532</subfield></datafield><datafield ind1=" " ind2=" " tag="CAT"><subfield code="a">Sys</subfield><subfield code="c">20100902</subfield><subfield code="h">135703</subfield></datafield></record></collection>